@misc{ref:enunciado,
    title     = "Enunciado del TP1",
    url       = "https://campus.exactas.uba.ar/mod/resource/view.php?id=103409"
}

@misc{ref:pearson,
	title     = "Coeficiente de correlaci√≥n de Pearson",
	url       = "https://es.wikipedia.org/wiki/Coeficiente_de_correlaci%C3%B3n_de_Pearson"
}